@inproceedings{DBLP:conf/wea/Lopez-PresaA09,
  author    = {Jos{\'{e}} Luis L{\'{o}}pez{-}Presa and
               Antonio Fern{\'{a}}ndez Anta},
  title     = {Fast Algorithm for Graph Isomorphism Testing},
  booktitle = {Experimental Algorithms, 8th International Symposium, {SEA} 2009,
               Dortmund, Germany, June 4-6, 2009. Proceedings},
  pages     = {221--232},
  year      = {2009},
  url       = {http://dx.doi.org/10.1007/978-3-642-02011-7_21},
  doi       = {10.1007/978-3-642-02011-7_21},
  timestamp = {Sat, 13 Jul 2013 16:50:09 +0200},
  biburl    = {http://dblp.uni-trier.de/rec/bib/conf/wea/Lopez-PresaA09},
  bibsource = {dblp computer science bibliography, http://dblp.org}
}

@proceedings{DBLP:conf/wea/2009,
  editor    = {Jan Vahrenhold},
  title     = {Experimental Algorithms, 8th International Symposium, {SEA} 2009,
               Dortmund, Germany, June 4-6, 2009. Proceedings},
  series    = {Lecture Notes in Computer Science},
  volume    = {5526},
  publisher = {Springer},
  year      = {2009},
  url       = {http://dx.doi.org/10.1007/978-3-642-02011-7},
  doi       = {10.1007/978-3-642-02011-7},
  isbn      = {978-3-642-02010-0},
  timestamp = {Tue, 09 Jun 2009 08:30:04 +0200},
  biburl    = {http://dblp.uni-trier.de/rec/bib/conf/wea/2009},
  bibsource = {dblp computer science bibliography, http://dblp.org}
}

@inproceedings{UpcomingAAAIPaper,
    author  = {Ruth Hoffmann and Ciaran McCreesh and Craig Reilly},
    title   = {Between Subgraph Isomorphism and Maximum Common Subgraph},
    year    = {2017},
    booktitle = {Proceedings of the Thirty-First {AAAI} Conference on Artificial Intelligence,
		 February 4-9, 2017, San Francisco, California, {USA}},
    pages     = {3907--3914}
}

@proceedings{AAAI2017,
  editor    = {Satinder Singh and Shaul Markovitch},
  title     = {Proceedings of the Thirty-First {AAAI} Conference on Artificial Intelligence,
               February 4-9, 2017, San Francisco, California, {USA}},
  publisher = {{AAAI} Press},
  year      = {2017},
  url       = {http://www.aaai.org/Library/AAAI/aaai17contents.php}
}

@inproceedings{DBLP:conf/lion/KotthoffMS16,
  author    = {Lars Kotthoff and
               Ciaran McCreesh and
               Christine Solnon},
  title     = {Portfolios of Subgraph Isomorphism Algorithms},
  booktitle = {Learning and Intelligent Optimization - 10th International Conference,
               {LION} 10, Ischia, Italy, May 29 - June 1, 2016, Revised Selected
               Papers},
  pages     = {107--122},
  year      = {2016},
  url       = {http://dx.doi.org/10.1007/978-3-319-50349-3_8},
  doi       = {10.1007/978-3-319-50349-3_8},
  timestamp = {Fri, 02 Dec 2016 12:38:10 +0100},
  biburl    = {http://dblp.uni-trier.de/rec/bib/conf/lion/KotthoffMS16},
  bibsource = {dblp computer science bibliography, http://dblp.org}
}

@proceedings{DBLP:conf/lion/2016,
  editor    = {Paola Festa and
               Meinolf Sellmann and
               Joaquin Vanschoren},
  title     = {Learning and Intelligent Optimization - 10th International Conference,
               {LION} 10, Ischia, Italy, May 29 - June 1, 2016, Revised Selected
               Papers},
  series    = {Lecture Notes in Computer Science},
  volume    = {10079},
  publisher = {Springer},
  year      = {2016},
  url       = {http://dx.doi.org/10.1007/978-3-319-50349-3},
  doi       = {10.1007/978-3-319-50349-3},
  isbn      = {978-3-319-50348-6},
  timestamp = {Fri, 02 Dec 2016 12:35:38 +0100},
  biburl    = {http://dblp.uni-trier.de/rec/bib/conf/lion/2016},
  bibsource = {dblp computer science bibliography, http://dblp.org}
}

@inproceedings{DBLP:conf/cp/McCreeshNPS16,
  author    = {Ciaran McCreesh and
               Samba Ndojh Ndiaye and
               Patrick Prosser and
               Christine Solnon},
  title     = {Clique and Constraint Models for Maximum Common (Connected) Subgraph
               Problems},
  booktitle = {Principles and Practice of Constraint Programming - 22nd International
               Conference, {CP} 2016, Toulouse, France, September 5-9, 2016, Proceedings},
  pages     = {350--368},
  year      = {2016},
  url       = {http://dx.doi.org/10.1007/978-3-319-44953-1_23},
  doi       = {10.1007/978-3-319-44953-1_23},
  timestamp = {Tue, 23 Aug 2016 10:27:33 +0200},
  biburl    = {http://dblp.uni-trier.de/rec/bib/conf/cp/McCreeshNPS16},
  bibsource = {dblp computer science bibliography, http://dblp.org}
}

@proceedings{DBLP:conf/cp/2016,
  editor    = {Michel Rueher},
  title     = {Principles and Practice of Constraint Programming - 22nd International
               Conference, {CP} 2016, Toulouse, France, September 5-9, 2016, Proceedings},
  series    = {Lecture Notes in Computer Science},
  volume    = {9892},
  publisher = {Springer},
  year      = {2016},
  url       = {http://dx.doi.org/10.1007/978-3-319-44953-1},
  doi       = {10.1007/978-3-319-44953-1},
  isbn      = {978-3-319-44952-4},
  timestamp = {Tue, 23 Aug 2016 10:24:14 +0200},
  biburl    = {http://dblp.uni-trier.de/rec/bib/conf/cp/2016},
  bibsource = {dblp computer science bibliography, http://dblp.org}
}

@article{Grindley1993707,
  title = "Identification of Tertiary Structure Resemblance in Proteins Using a Maximal Common Subgraph Isomorphism Algorithm",
  journal = "Journal of Molecular Biology",
  volume = "229",
  number = "3",
  pages = "707--721",
  year = "1993",
  note = "",
  issn = "0022-2836",
  doi = "http://dx.doi.org/10.1006/jmbi.1993.1074",
  url = "http://www.sciencedirect.com/science/article/pii/S0022283683710740",
  author = "Helen M. Grindley and Peter J. Artymiuk and David W. Rice and Peter Willett"
}

@article{DAM2014,
  author    = {Steven Gay and
               Fran{\c{c}}ois Fages and
               Thierry Martinez and
               Sylvain Soliman and
               Christine Solnon},
  title     = {On the subgraph epimorphism problem},
  journal   = {Discrete Applied Mathematics},
  volume    = {162},
  pages     = {214--228},
  year      = {2014},
  url       = {http://dx.doi.org/10.1016/j.dam.2013.08.008},
  doi       = {10.1016/j.dam.2013.08.008},
  timestamp = {Mon, 16 Dec 2013 14:42:33 +0100},
  biburl    = {http://dblp.uni-trier.de/rec/bib/journals/dam/GayFMSS14},
  bibsource = {dblp computer science bibliography, http://dblp.org}
}



@inproceedings{DBLP:conf/cp/NdiayeS11,
  author    = {Samba Ndojh Ndiaye and
               Christine Solnon},
  title     = {{CP} Models for Maximum Common Subgraph Problems},
  booktitle = {Principles and Practice of Constraint Programming - {CP} 2011 - 17th
               International Conference, {CP} 2011, Perugia, Italy, September 12-16,
               2011. Proceedings},
  pages     = {637--644},
  year      = {2011},
  url       = {http://dx.doi.org/10.1007/978-3-642-23786-7_48},
  doi       = {10.1007/978-3-642-23786-7_48},
  timestamp = {Fri, 02 Sep 2011 15:33:27 +0200},
  biburl    = {http://dblp.uni-trier.de/rec/bib/conf/cp/NdiayeS11},
  bibsource = {dblp computer science bibliography, http://dblp.org}
}

@proceedings{DBLP:conf/cp/2011,
  editor    = {Jimmy Ho{-}Man Lee},
  title     = {Principles and Practice of Constraint Programming - {CP} 2011 - 17th
               International Conference, {CP} 2011, Perugia, Italy, September 12-16,
               2011. Proceedings},
  series    = {Lecture Notes in Computer Science},
  volume    = {6876},
  publisher = {Springer},
  year      = {2011},
  url       = {http://dx.doi.org/10.1007/978-3-642-23786-7},
  doi       = {10.1007/978-3-642-23786-7},
  isbn      = {978-3-642-23785-0},
  timestamp = {Fri, 02 Sep 2011 15:32:47 +0200},
  biburl    = {http://dblp.uni-trier.de/rec/bib/conf/cp/2011},
  bibsource = {dblp computer science bibliography, http://dblp.org}
}

@article{DBLP:journals/jgaa/ConteFV07,
  author    = {Donatello Conte and
               Pasquale Foggia and
               Mario Vento},
  title     = {Challenging Complexity of Maximum Common Subgraph Detection Algorithms:
               {A} Performance Analysis of Three Algorithms on a Wide Database of
               Graphs},
  journal   = {J. Graph Algorithms Appl.},
  volume    = {11},
  number    = {1},
  pages     = {99--143},
  year      = {2007},
  url       = {http://jgaa.info/accepted/2007/ConteFoggiaVento2007.11.1.pdf},
  timestamp = {Mon, 24 Nov 2008 15:53:37 +0100},
  biburl    = {http://dblp.uni-trier.de/rec/bib/journals/jgaa/ConteFV07},
  bibsource = {dblp computer science bibliography, http://dblp.org}
}

@article{DBLP:journals/prl/SantoFSV03,
  author    = {Massimo De Santo and
               Pasquale Foggia and
               Carlo Sansone and
               Mario Vento},
  title     = {A large database of graphs and its use for benchmarking graph isomorphism
               algorithms},
  journal   = {Pattern Recognition Letters},
  volume    = {24},
  number    = {8},
  pages     = {1067--1079},
  year      = {2003},
  url       = {http://dx.doi.org/10.1016/S0167-8655(02)00253-2},
  doi       = {10.1016/S0167-8655(02)00253-2},
  timestamp = {Mon, 30 Jun 2003 14:34:51 +0200},
  biburl    = {http://dblp.uni-trier.de/rec/bib/journals/prl/SantoFSV03},
  bibsource = {dblp computer science bibliography, http://dblp.org}
}

@article{DBLP:journals/prl/Bunke97,
  author    = {Horst Bunke},
  title     = {On a relation between graph edit distance and maximum common subgraph},
  journal   = {Pattern Recognition Letters},
  volume    = {18},
  number    = {8},
  pages     = {689--694},
  year      = {1997},
  url       = {http://dx.doi.org/10.1016/S0167-8655(97)00060-3},
  doi       = {10.1016/S0167-8655(97)00060-3},
  timestamp = {Thu, 04 Sep 2003 15:39:08 +0200},
  biburl    = {http://dblp.uni-trier.de/rec/bib/journals/prl/Bunke97},
  bibsource = {dblp computer science bibliography, http://dblp.org}
}

@article{DBLP:journals/prl/FernandezV01,
  author    = {Mirtha{-}Lina Fern{\'{a}}ndez and
               Gabriel Valiente},
  title     = {A graph distance metric combining maximum common subgraph and minimum
               common supergraph},
  journal   = {Pattern Recognition Letters},
  volume    = {22},
  number    = {6/7},
  pages     = {753--758},
  year      = {2001},
  timestamp = {Thu, 03 Jan 2002 12:26:12 +0100},
  biburl    = {http://dblp.uni-trier.de/rec/bib/journals/prl/FernandezV01},
  bibsource = {dblp computer science bibliography, http://dblp.org}
}

@article {Ehrlich:2011,
    author = {Ehrlich, Hans-Christian and Rarey, Matthias},
    title = {Maximum common subgraph isomorphism algorithms and their applications in molecular science: a review},
    journal = {Wiley Interdisciplinary Reviews: Computational Molecular Science},
    volume = {1},
    number = {1},
    publisher = {John Wiley & Sons, Inc.},
    issn = {1759-0884},
    url = {http://dx.doi.org/10.1002/wcms.5},
    doi = {10.1002/wcms.5},
    pages = {68--79},
    year = {2011},
}

@article{DBLP:journals/jcamd/RaymondW02a,
  author    = {John W. Raymond and
               Peter Willett},
  title     = {Maximum common subgraph isomorphism algorithms for the matching of
               chemical structures},
  journal   = {Journal of Computer-Aided Molecular Design},
  volume    = {16},
  number    = {7},
  pages     = {521--533},
  year      = {2002},
  url       = {http://dx.doi.org/10.1023/A:1021271615909},
  doi       = {10.1023/A:1021271615909},
  timestamp = {Tue, 24 May 2011 14:17:10 +0200},
  biburl    = {http://dblp.uni-trier.de/rec/bib/journals/jcamd/RaymondW02a},
  bibsource = {dblp computer science bibliography, http://dblp.org}
}

@phdthesis{KriegeThesis,
    author={Nils Kriege},
    title={Comparing graphs},
    school={Technische Universit\"at Dortmund},
    year={2015}
}

@article{LeviG,
    author="Levi, G.",
    title="A note on the derivation of maximal common subgraphs of two directed or undirected graphs",
    journal="CALCOLO",
    volume="9",
    number="4",
    pages="341--352",
    abstract="In this note the problem is considered of finding maximal common subgraphs of two given graphs. A technique is described by which this problem can be stated as a problem of deriving maximal compatibility classes. A known «maximal compatibility classes» algorithm can then be used to derive maximal common subgraphs.",
    issn="1126-5434",
    doi="10.1007/BF02575586",
    url="http://dx.doi.org/10.1007/BF02575586",
    year={1973}
}

@article{DBLP:journals/jair/CookH94,
  author    = {Diane J. Cook and
               Lawrence B. Holder},
  title     = {Substructure Discovery Using Minimum Description Length and Background
               Knowledge},
  journal   = {J. Artif. Intell. Res. {(JAIR)}},
  volume    = {1},
  pages     = {231--255},
  year      = {1994},
  url       = {http://dx.doi.org/10.1613/jair.43},
  doi       = {10.1613/jair.43},
  timestamp = {Fri, 11 Jun 2010 09:38:26 +0200},
  biburl    = {http://dblp.uni-trier.de/rec/bib/journals/jair/CookH94},
  bibsource = {dblp computer science bibliography, http://dblp.org}
}

@article{DBLP:journals/tkde/DjokoCH97,
  author    = {Surnjani Djoko and
               Diane J. Cook and
               Lawrence B. Holder},
  title     = {An Empirical Study of Domain Knowledge and Its Benefits to Substructure
               Discovery},
  journal   = {{IEEE} Trans. Knowl. Data Eng.},
  volume    = {9},
  number    = {4},
  pages     = {575--586},
  year      = {1997},
  url       = {http://dx.doi.org/10.1109/69.617051},
  doi       = {10.1109/69.617051},
  timestamp = {Wed, 09 Sep 2015 09:50:36 +0200},
  biburl    = {http://dblp.uni-trier.de/rec/bib/journals/tkde/DjokoCH97},
  bibsource = {dblp computer science bibliography, http://dblp.org}
}

@inproceedings{DBLP:conf/ecai/Geelen92,
  author    = {P. A. Geelen},
  title     = {Dual Viewpoint Heuristics for Binary Constraint Satisfaction Problems},
  booktitle = {{ECAI}},
  pages     = {31--35},
  year      = {1992},
  timestamp = {Thu, 03 Jan 2002 11:56:54 +0100},
  biburl    = {http://dblp.uni-trier.de/rec/bib/conf/ecai/Geelen92},
  bibsource = {dblp computer science bibliography, http://dblp.org}
}

@article{DBLP:journals/dam/BahienseMPS12,
  author    = {Laura Bahiense and
               Gordana Manic and
               Breno Piva and
               Cid C. de Souza},
  title     = {The maximum common edge subgraph problem: {A} polyhedral investigation},
  journal   = {Discrete Applied Mathematics},
  volume    = {160},
  number    = {18},
  pages     = {2523--2541},
  year      = {2012},
  url       = {http://dx.doi.org/10.1016/j.dam.2012.01.026},
  doi       = {10.1016/j.dam.2012.01.026},
  timestamp = {Mon, 22 Oct 2012 12:41:23 +0200},
  biburl    = {http://dblp.uni-trier.de/rec/bib/journals/dam/BahienseMPS12},
  bibsource = {dblp computer science bibliography, http://dblp.org}
}

@article{DBLP:journals/cacm/BronK73,
  author    = {Coenraad Bron and
               Joep Kerbosch},
  title     = {Finding All Cliques of an Undirected Graph (Algorithm 457)},
  journal   = {Commun. {ACM}},
  volume    = {16},
  number    = {9},
  pages     = {575--576},
  year      = {1973},
  timestamp = {Thu, 20 Nov 2003 13:05:30 +0100},
  biburl    = {http://dblp.uni-trier.de/rec/bib/journals/cacm/BronK73},
  bibsource = {dblp computer science bibliography, http://dblp.org}
}

@article{DBLP:journals/compsec/ParkRS13,
  author    = {Young Hee Park and
               Douglas S. Reeves and
               Mark Stamp},
  title     = {Deriving common malware behavior through graph clustering},
  journal   = {Computers {\&} Security},
  volume    = {39},
  pages     = {419--430},
  year      = {2013},
  url       = {http://dx.doi.org/10.1016/j.cose.2013.09.006},
  doi       = {10.1016/j.cose.2013.09.006},
  timestamp = {Thu, 16 Jan 2014 11:37:04 +0100},
  biburl    = {http://dblp.uni-trier.de/rec/bib/journals/compsec/ParkRS13},
  bibsource = {dblp computer science bibliography, http://dblp.org}
}

@inproceedings{DBLP:conf/mfcs/DroschinskyKM16,
  author    = {Andre Droschinsky and
               Nils M. Kriege and
               Petra Mutzel},
  title     = {Faster Algorithms for the Maximum Common Subtree Isomorphism Problem},
  booktitle = {41st International Symposium on Mathematical Foundations of Computer
               Science, {MFCS} 2016, August 22-26, 2016 - Krak{\'{o}}w, Poland},
  pages     = {33:1--33:14},
  year      = {2016},
  url       = {http://dx.doi.org/10.4230/LIPIcs.MFCS.2016.33},
  doi       = {10.4230/LIPIcs.MFCS.2016.33},
  timestamp = {Tue, 30 Aug 2016 15:32:31 +0200},
  biburl    = {http://dblp2.uni-trier.de/rec/bib/conf/mfcs/DroschinskyKM16},
  bibsource = {dblp computer science bibliography, http://dblp.org}
}

@proceedings{DBLP:conf/mfcs/2016,
  editor    = {Piotr Faliszewski and
               Anca Muscholl and
               Rolf Niedermeier},
  title     = {41st International Symposium on Mathematical Foundations of Computer
               Science, {MFCS} 2016, August 22-26, 2016 - Krak{\'{o}}w, Poland},
  series    = {LIPIcs},
  volume    = {58},
  publisher = {Schloss Dagstuhl - Leibniz-Zentrum fuer Informatik},
  year      = {2016},
  url       = {http://www.dagstuhl.de/dagpub/978-3-95977-016-3},
  isbn      = {978-3-95977-016-3},
  timestamp = {Tue, 30 Aug 2016 15:32:31 +0200},
  biburl    = {http://dblp2.uni-trier.de/rec/bib/conf/mfcs/2016},
  bibsource = {dblp computer science bibliography, http://dblp.org}
}

@inproceedings{DBLP:conf/sofsem/DroschinskyKM17,
  author    = {Andre Droschinsky and
               Nils Kriege and
               Petra Mutzel},
  title     = {Finding Largest Common Substructures of Molecules in Quadratic Time},
  booktitle = {{SOFSEM} 2017: Theory and Practice of Computer Science - 43rd International
               Conference on Current Trends in Theory and Practice of Computer Science,
               Limerick, Ireland, January 16-20, 2017, Proceedings},
  pages     = {309--321},
  year      = {2017},
  url       = {http://dx.doi.org/10.1007/978-3-319-51963-0_24},
  doi       = {10.1007/978-3-319-51963-0_24},
  timestamp = {Wed, 11 Jan 2017 11:03:34 +0100},
  biburl    = {http://dblp2.uni-trier.de/rec/bib/conf/sofsem/DroschinskyKM17},
  bibsource = {dblp computer science bibliography, http://dblp.org}
}

@proceedings{DBLP:conf/sofsem/2017,
  editor    = {Bernhard Steffen and
               Christel Baier and
               Mark van den Brand and
               Johann Eder and
               Mike Hinchey and
               Tiziana Margaria},
  title     = {{SOFSEM} 2017: Theory and Practice of Computer Science - 43rd International
               Conference on Current Trends in Theory and Practice of Computer Science,
               Limerick, Ireland, January 16-20, 2017, Proceedings},
  series    = {Lecture Notes in Computer Science},
  volume    = {10139},
  publisher = {Springer},
  year      = {2017},
  url       = {http://dx.doi.org/10.1007/978-3-319-51963-0},
  doi       = {10.1007/978-3-319-51963-0},
  isbn      = {978-3-319-51962-3},
  timestamp = {Wed, 11 Jan 2017 10:56:44 +0100},
  biburl    = {http://dblp2.uni-trier.de/rec/bib/conf/sofsem/2017},
  bibsource = {dblp computer science bibliography, http://dblp.org}
}

@article{DBLP:journals/jsc/McKayP14,
  author    = {Brendan D. McKay and
               Adolfo Piperno},
  title     = {Practical graph isomorphism, {II}},
  journal   = {J. Symb. Comput.},
  volume    = {60},
  pages     = {94--112},
  year      = {2014},
  url       = {http://dx.doi.org/10.1016/j.jsc.2013.09.003},
  doi       = {10.1016/j.jsc.2013.09.003},
  timestamp = {Fri, 13 Dec 2013 17:41:22 +0100},
  biburl    = {http://dblp.uni-trier.de/rec/bib/journals/jsc/McKayP14},
  bibsource = {dblp computer science bibliography, http://dblp.org}
}

@inproceedings{DBLP:conf/asunam/RedmondC13,
  author    = {Ursula Redmond and
               P{\'{a}}draig Cunningham},
  title     = {Temporal subgraph isomorphism},
  booktitle = {Advances in Social Networks Analysis and Mining 2013, {ASONAM} '13,
               Niagara, ON, Canada - August 25 - 29, 2013},
  pages     = {1451--1452},
  year      = {2013},
  url       = {http://doi.acm.org/10.1145/2492517.2492586},
  doi       = {10.1145/2492517.2492586},
  timestamp = {Mon, 25 Jan 2016 14:05:23 +0100},
  biburl    = {http://dblp.uni-trier.de/rec/bib/conf/asunam/RedmondC13},
  bibsource = {dblp computer science bibliography, http://dblp.org}
}

@proceedings{DBLP:conf/asunam/2013,
  editor    = {Jon G. Rokne and
               Christos Faloutsos},
  title     = {Advances in Social Networks Analysis and Mining 2013, {ASONAM} '13,
               Niagara, ON, Canada - August 25 - 29, 2013},
  publisher = {{ACM}},
  year      = {2013},
  url       = {http://dl.acm.org/citation.cfm?id=2492517},
  isbn      = {978-1-4503-2240-9},
  timestamp = {Mon, 25 Jan 2016 14:05:23 +0100},
  biburl    = {http://dblp.uni-trier.de/rec/bib/conf/asunam/2013},
  bibsource = {dblp computer science bibliography, http://dblp.org}
}

@inproceedings{DBLP:conf/mco/VismaraV08,
  author    = {Philippe Vismara and
               Beno{\^{\i}}t Valery},
  title     = {Finding Maximum Common Connected Subgraphs Using Clique Detection
               or Constraint Satisfaction Algorithms},
  booktitle = {Modelling, Computation and Optimization in Information Systems and
               Management Sciences, Second International Conference, {MCO} 2008,
               Metz, France - Luxembourg, September 8-10, 2008. Proceedings},
  pages     = {358--368},
  year      = {2008},
  url       = {http://dx.doi.org/10.1007/978-3-540-87477-5_39},
  doi       = {10.1007/978-3-540-87477-5_39},
  timestamp = {Mon, 03 Nov 2008 17:50:04 +0100},
  biburl    = {http://dblp.uni-trier.de/rec/bib/conf/mco/VismaraV08},
  bibsource = {dblp computer science bibliography, http://dblp.org}
}

@proceedings{DBLP:conf/mco/2008,
  editor    = {Le Thi Hoai An and
               Pascal Bouvry and
               Pham Dinh Tao},
  title     = {Modelling, Computation and Optimization in Information Systems and
               Management Sciences, Second International Conference, {MCO} 2008,
               Metz, France - Luxembourg, September 8-10, 2008. Proceedings},
  series    = {Communications in Computer and Information Science},
  volume    = {14},
  publisher = {Springer},
  year      = {2008},
  isbn      = {978-3-540-87476-8},
  timestamp = {Mon, 03 Nov 2008 17:50:04 +0100},
  biburl    = {http://dblp.uni-trier.de/rec/bib/conf/mco/2008},
  bibsource = {dblp computer science bibliography, http://dblp.org}
}

