@InProceedings{strowes:2011:reallycool,
        BookTitle = {The 14th International Jolly to Hawaii},
        Month = {April},
        author = {Strowes, Stephen D.},
        title = {{YANSEYSUI: Yet Another Network Simulation Environment You Should Use Immediately}},
        year = {2011},
}

@incollection{DBLP:series/sci/BunkeDKNS08,
  author    = {Horst Bunke and
               Peter J. Dickinson and
               Miro Kraetzl and
               Michel Neuhaus and
               Marc Stettler},
  title     = {Matching of Hypergraphs - Algorithms, Applications, and Experiments},
  booktitle = {Applied Pattern Recognition},
  pages     = {131--154},
  year      = {2008},
  crossref  = {DBLP:series/sci/2008-91},
  url       = {https://doi.org/10.1007/978-3-540-76831-9\_6},
  doi       = {10.1007/978-3-540-76831-9\_6},
  timestamp = {Tue, 16 May 2017 14:24:32 +0200},
  biburl    = {https://dblp.org/rec/bib/series/sci/BunkeDKNS08},
  bibsource = {dblp computer science bibliography, https://dblp.org}
}

@book{DBLP:series/sci/2008-91,
  editor    = {Horst Bunke and
               Abraham Kandel and
               Mark Last},
  title     = {Applied Pattern Recognition},
  series    = {Studies in Computational Intelligence},
  volume    = {91},
  publisher = {Springer},
  year      = {2008},
  isbn      = {978-3-540-76830-2},
  timestamp = {Mon, 10 Mar 2008 11:10:11 +0100},
  biburl    = {https://dblp.org/rec/bib/series/sci/2008-91},
  bibsource = {dblp computer science bibliography, https://dblp.org}
}

